@book{kailath2000,
	title={Linear estimation},
	author={Kailath, Thomas and Sayed, Ali H and Hassibi, Babak},
	number={BOOK},
	year={2000},
	publisher={Prentice Hall}
}

@article{sayed2001,
	title={A survey of spectral factorization methods},
	author={Sayed, Ali H and Kailath, Thomas},
	journal={Numerical linear algebra with applications},
	volume={8},
	number={6-7},
	pages={467--496},
	year={2001},
	publisher={Wiley Online Library}
}

@article{zouzias2013,
	title={Randomized extended Kaczmarz for solving least squares},
	author={Zouzias, Anastasios and Freris, Nikolaos M},
	journal={SIAM Journal on Matrix Analysis and Applications},
	volume={34},
	number={2},
	pages={773--793},
	year={2013},
	publisher={SIAM}
}

@book{priestley1981spectral,
	title={Spectral analysis and time series: probability and mathematical statistics},
	author={Priestley, Maurice Bertram},
	number={04; QA280, P7.},
	year={1981}
}